<?xml version="1.0" encoding="UTF-8"?><record xmlns="http://www.loc.gov/MARC21/slim" xmlns:cinclude="http://apache.org/cocoon/include/1.0" xmlns:zs="http://www.loc.gov/zing/srw/">
  <leader>00401nz  a2200133n  4500</leader>
  <controlfield tag="001">no2011079519</controlfield>
  <controlfield tag="003">DLC</controlfield>
  <controlfield tag="005">20110522075043.0</controlfield>
  <controlfield tag="008">110520n| acannaabn          |n aaa     c</controlfield>
  <datafield tag="010" ind1=" " ind2=" ">
    <subfield code="a">no2011079519</subfield>
  </datafield>
  <datafield tag="035" ind1=" " ind2=" ">
    <subfield code="a">(OCoLC)oca08863051</subfield>
  </datafield>
  <datafield tag="040" ind1=" " ind2=" ">
    <subfield code="a">DHMM</subfield>
    <subfield code="b">eng</subfield>
    <subfield code="c">DHMM</subfield>
  </datafield>
  <datafield tag="100" ind1="1" ind2=" ">
    <subfield code="a">Elefant, Ingrid Epstein,</subfield>
    <subfield code="d">1936-</subfield>
  </datafield>
  <datafield tag="670" ind1=" " ind2=" ">
    <subfield code="a">A time of silence, 2011:</subfield>
    <subfield code="b">t.p. (Ingrid Epstein Elefant) p. 1 (Ingrid Agnes Kammen, b. 1936)</subfield>
  </datafield>
</record>